<?xml version="1.0" encoding="UTF-8"?><collection xmlns="http://www.loc.gov/MARC21/slim"><record><leader>00400nam--2200145-i-4500</leader><controlfield tag="001">000027178</controlfield><controlfield tag="002">20161230</controlfield><controlfield tag="005">20161230201036</controlfield><controlfield tag="008">060222s1000------------r-----000-0-eng-d</controlfield><datafield ind1=" " ind2=" " tag="080"><subfield code="a">539.17</subfield></datafield><datafield ind1=" " ind2=" " tag="100"><subfield code="a">Kofoed-Hansen, O</subfield></datafield><datafield ind1=" " ind2=" " tag="245"><subfield code="a">Theoretical angular correlations in allowed beta transitions</subfield></datafield><datafield ind1=" " ind2=" " tag="260"><subfield code="a">Kobenhavn, 1954, 19p</subfield></datafield><datafield ind1=" " ind2=" " tag="490"><subfield code="a">Det Kongelige Danske Videnskabernes Selskab</subfield></datafield><datafield ind1=" " ind2=" " tag="852"><subfield code="a">3267</subfield></datafield></record></collection>